@article{rodriguesemacedo2021,
	Author = {RODRIGUES, L. S.; MACEDO, L. P. de A.},
	Title = {novações Tecnológicas na Agricultura Familiar: Agromart},
	Year = {2021},
	Address = {Brasília, Brasil},
	Editor = {Trabalho de Graduação — Universidade de Bras\'ilia},
}

@article{ribeiroemagalhoes2023,
	Author = {RIBEIRO, A. F. C.; MAGALHÃES, R. F. T.},
	Title = {Associação para aplicações Agromart de uma
CSA em cloud},
	Year = {2023},
	Address = {Brasília, Brasil},
	Editor = {Trabalho de Graduação — Universidade de Bras\'ilia},
}

@article{correiaeveludo2022,
	Author = {CORRÊA, B. K. B.; VELUDO, I. G.},
	Title = {Uma evolução do projeto Agromart: open source, meios de pagamento e gestão de co-agricultores},
	Year = {2022},
	Address = {Brasília, Brasil},
	Editor = {Trabalho de Graduação — Universidade de Bras\'ilia},
}

@article{cellaefreitas2023,
	Author = {CELLA, V. S. C.; FREITAS, A. A.},
	Title = {Uma evolução do projeto Agromart: implantação individualizada e automatizada de um ambiente de CSA},
	Year = {2023},
	Address = {Brasília, Brazil},
	Editor = {Trabalho de Graduação — Universidade de Bras\'ilia},
}

@article{augustiniebotinno2023,
	Author = {AGUSTINI, F. B. S.; BOTTINO, G. B.},
	Title = {Módulo de integração de pagamento e manutenção do software Agromart},
	Year = {2023},
	Address = {Brasília, Brasil},
	Editor = {Trabalho de Graduação — Universidade de Bras\'ilia},
}

@book{Sommerville2007,
    author = {Sommerville, I.},
    title = {Software Engineering},
    year = {2007},
    isbn = {978-0-321-31379-9, 0-321-31379-8},
    edition = {9th},
    publisher = {Addison-Wesley Publishing Company},
    address = {USA},
}

@article{alura2023,
	Author = {Alura},
	Title = {Git Flow: entenda o que é, como e quando utilizar},
	Year = {2023},
	Url = {https://www.alura.com.br/artigos/git-flow-o-que-e-como-quando-utilizar}
}

@article{opensource2023,
	Author = {OPENSOURCE},
	Title = {The Open Source Definition},
	Year = {2023},
	Url = {https://opensource.org/osd/}
}


@book{shuterland2014,
    author = {Sutherland, Jeff},
    title = {Scrum : a arte de fazer o dobro do trabalho na metade
    do tempo},
    year = {2014},
    isbn = {978-85-441-0088-2},
    edition = {1th},
    publisher = {LeYa},
    address = {São Paulo, Brazil},
}

@book{kentbeck2014,
    author = {By Kent Beck, Cynthia Andres},
    title = {Extreme Programming Explained: Embrace Change},
    year = {2004},
    isbn = {0-321-27865-8},
    edition = {2th},
    publisher = {Addison Wesley Professional},
}







